<record><leader>00000cas a2200000 a 4500</leader><controlfield tag="001">56835542</controlfield><controlfield tag="008">041028d19641981nyuwr ne      0    0eng c</controlfield><datafield ind1=" " ind2=" " tag="010"><subfield code="a">sn2004060550</subfield></datafield><datafield ind1=" " ind2=" " tag="040"><subfield code="a">NYS</subfield><subfield code="b">eng</subfield><subfield code="c">NYS</subfield><subfield code="d">NYG</subfield><subfield code="d">OCLCQ</subfield><subfield code="d">OCLCO</subfield></datafield><datafield ind1="1" ind2=" " tag="029"><subfield code="a">AU@</subfield><subfield code="b">000026332391</subfield></datafield><datafield ind1=" " ind2=" " tag="042"><subfield code="a">pcc</subfield></datafield><datafield ind1=" " ind2=" " tag="043"><subfield code="a">n-us-ny</subfield></datafield><datafield ind1="0" ind2=" " tag="130"><subfield code="a">Home reporter and sunset news (Brooklyn, New York, N.Y. : 1964)</subfield></datafield><datafield ind1="1" ind2="0" tag="245"><subfield code="a">Home reporter and sunset news.</subfield></datafield><datafield ind1="3" ind2=" " tag="246"><subfield code="a">Home reporter and sunset news-Park Slope news</subfield></datafield><datafield ind1=" " ind2=" " tag="250"><subfield code="a">Park Slope news [ed.].</subfield></datafield><datafield ind1=" " ind2=" " tag="260"><subfield code="a">Brooklyn, N.Y. :</subfield><subfield code="b">Home Reporter and Sunset News,</subfield><subfield code="c">1964-1981.</subfield></datafield><datafield ind1=" " ind2=" " tag="300"><subfield code="a">v. :</subfield><subfield code="b">ill.</subfield></datafield><datafield ind1=" " ind2=" " tag="310"><subfield code="a">Weekly</subfield></datafield><datafield ind1="1" ind2=" " tag="362"><subfield code="a">Began in 1964.</subfield></datafield><datafield ind1=" " ind2=" " tag="588"><subfield code="a">Latest issue consulted: Vol. 29, no. 21 (Dec. 18, 1981).</subfield></datafield><datafield ind1=" " ind2="0" tag="651"><subfield code="a">Park Slope (New York, N.Y.)</subfield><subfield code="v">Newspapers.</subfield></datafield><datafield ind1=" " ind2="0" tag="651"><subfield code="a">Brooklyn (New York, N.Y.)</subfield><subfield code="v">Newspapers.</subfield></datafield><datafield ind1=" " ind2="0" tag="651"><subfield code="a">Kings County (New York, N.Y.)</subfield><subfield code="v">Newspapers.</subfield></datafield><datafield ind1=" " ind2="0" tag="651"><subfield code="a">New York (N.Y.)</subfield><subfield code="v">Newspapers.</subfield></datafield><datafield ind1=" " ind2=" " tag="752"><subfield code="a">United States</subfield><subfield code="b">New York</subfield><subfield code="c">Kings</subfield><subfield code="d">Brooklyn (New York, N.Y.)</subfield></datafield><datafield ind1=" " ind2=" " tag="752"><subfield code="a">United States</subfield><subfield code="b">New York</subfield><subfield code="d">New York.</subfield></datafield><datafield ind1="0" ind2=" " tag="775"><subfield code="t">Bay Ridge home reporter</subfield><subfield code="w">(DLC)sn2004060549</subfield><subfield code="w">(OCoLC)56835300</subfield></datafield><datafield ind1="0" ind2="4" tag="780"><subfield code="t">Park Slope news</subfield><subfield code="w">(DLC)sn 99067432</subfield><subfield code="w">(OCoLC)43028304</subfield></datafield><datafield ind1="0" ind2="4" tag="785"><subfield code="t">Home reporter and sunset news</subfield><subfield code="w">(DLC)sn 95071233</subfield><subfield code="w">(OCoLC)32669995</subfield></datafield></record>